<!--
  200 Success Response from "Retrieve Bibs" endpoint for mms_id 990008536900108238
  Item is available

  $ export ALMA_API_KEY=<Alma API Key from "CP-prod-all-read" in LastPass>
  $ export MMS_IDS=990008536900108238
  $ curl "https://api-na.hosted.exlibrisgroup.com/almaws/v1/bibs?apikey=$ALMA_API_KEY&view=full&expand=p_avail&mms_id=$MMS_IDS"
-->
<?xml version="1.0" encoding="UTF-8" standalone="yes"?>
<bibs total_record_count="1">
  <bib>
    <mms_id>990008536900108238</mms_id>
    <record_format>marc21</record_format>
    <linked_record_id type="NZ">9910268458808236</linked_record_id>
    <title>The Iliad of Homer /</title>
    <author>Homer.</author>
    <isbn>0226469409</isbn>
    <complete_edition>1st Phoenix ed.</complete_edition>
    <network_numbers>
      <network_number>SM0000027554</network_number>
      <network_number>ocm04921224</network_number>
      <network_number>SS0004921224</network_number>
      <network_number>FS0004921224</network_number>
      <network_number>CP0004921224</network_number>
      <network_number>BC0004921224</network_number>
      <network_number>(Aleph)000853690MAI01</network_number>
      <network_number>(EXLNZ-01USMAI_NETWORK)9910268458808236</network_number>
    </network_numbers>
    <place_of_publication>Chicago :</place_of_publication>
    <date_of_publication>1961, c1951.</date_of_publication>
    <publisher_const>University of Chicago Press,</publisher_const>
    <holdings link="https://api-na.hosted.exlibrisgroup.com/almaws/v1/bibs/990008536900108238/holdings"/>
    <created_by>import</created_by>
    <created_date>2023-10-03Z</created_date>
    <last_modified_by>Ex Libris</last_modified_by>
    <suppress_from_publishing>false</suppress_from_publishing>
    <suppress_from_external_search>false</suppress_from_external_search>
    <suppress_from_metadoor>false</suppress_from_metadoor>
    <rank>65</rank>
    <sync_with_oclc>BIBS</sync_with_oclc>
    <sync_with_libraries_australia>NONE</sync_with_libraries_australia>
    <originating_system>ILS</originating_system>
    <originating_system_id>000853690-MAI01</originating_system_id>
    <cataloging_level desc="Default Level">00</cataloging_level>
    <brief_level desc="10">10</brief_level>
    <record>
      <leader>     nam a2200361Ii 45 0</leader>
      <controlfield tag="001">990008536900108238</controlfield>
      <controlfield tag="005">20230120155450.0</controlfield>
      <controlfield tag="008">790502c19611951ilu           000 0 eng d</controlfield>
      <datafield ind1=" " ind2=" " tag="010">
        <subfield code="a">62019604</subfield>
      </datafield>
      <datafield ind1=" " ind2=" " tag="020">
        <subfield code="a">0226469409</subfield>
      </datafield>
      <datafield ind1=" " ind2=" " tag="035">
        <subfield code="a">(Aleph)000853690MAI01</subfield>
      </datafield>
      <datafield ind1="9" ind2=" " tag="035">
        <subfield code="a">BC0004921224</subfield>
      </datafield>
      <datafield ind1="9" ind2=" " tag="035">
        <subfield code="a">CP0004921224</subfield>
      </datafield>
      <datafield ind1="9" ind2=" " tag="035">
        <subfield code="a">FS0004921224</subfield>
      </datafield>
      <datafield ind1="9" ind2=" " tag="035">
        <subfield code="a">SS0004921224</subfield>
      </datafield>
      <datafield ind1=" " ind2=" " tag="035">
        <subfield code="a">ocm04921224</subfield>
      </datafield>
      <datafield ind1="9" ind2=" " tag="035">
        <subfield code="a">SM0000027554</subfield>
      </datafield>
      <datafield ind1=" " ind2=" " tag="035">
        <subfield code="a">(EXLNZ-01USMAI_NETWORK)9910268458808236</subfield>
      </datafield>
      <datafield ind1=" " ind2=" " tag="035">
        <subfield code="a">(EXLNZ-01USMAI_NETWORK)9910268458808236</subfield>
      </datafield>
      <datafield ind1=" " ind2=" " tag="040">
        <subfield code="a">IRU</subfield>
        <subfield code="c">IRU</subfield>
        <subfield code="d">m.c.</subfield>
        <subfield code="d">MUB</subfield>
      </datafield>
      <datafield ind1="1" ind2=" " tag="041">
        <subfield code="a">enggrc</subfield>
      </datafield>
      <datafield ind1=" " ind2=" " tag="049">
        <subfield code="a">MUBB</subfield>
      </datafield>
      <datafield ind1=" " ind2=" " tag="090">
        <subfield code="a">PA4025.A2</subfield>
        <subfield code="b">L35 1961</subfield>
      </datafield>
      <datafield ind1="0" ind2=" " tag="100">
        <subfield code="a">Homer.</subfield>
      </datafield>
      <datafield ind1="1" ind2="4" tag="245">
        <subfield code="a">The Iliad of Homer /</subfield>
        <subfield code="c">translated with an introd. by Richmond Lattimore.</subfield>
      </datafield>
      <datafield ind1=" " ind2=" " tag="250">
        <subfield code="a">1st Phoenix ed.</subfield>
      </datafield>
      <datafield ind1=" " ind2=" " tag="260">
        <subfield code="a">Chicago :</subfield>
        <subfield code="b">University of Chicago Press,</subfield>
        <subfield code="c">1961, c1951.</subfield>
      </datafield>
      <datafield ind1=" " ind2=" " tag="300">
        <subfield code="a">527 p. ;</subfield>
        <subfield code="c">21 cm.</subfield>
      </datafield>
      <datafield ind1="1" ind2=" " tag="490">
        <subfield code="a">A Phoenix book ; P63</subfield>
      </datafield>
      <datafield ind1=" " ind2=" " tag="504">
        <subfield code="a">Bibliography: p. 11-12.</subfield>
      </datafield>
      <datafield ind1="1" ind2=" " tag="700">
        <subfield code="a">Lattimore, Richmond,</subfield>
        <subfield code="d">1906-1984.</subfield>
      </datafield>
      <datafield ind1=" " ind2="0" tag="830">
        <subfield code="a">Phoenix books (Chicago, Ill.) ;</subfield>
        <subfield code="v">P63.</subfield>
      </datafield>
      <datafield ind1=" " ind2=" " tag="950">
        <subfield code="a">AUTH RELOAD</subfield>
        <subfield code="c">20060712</subfield>
        <subfield code="h">0647</subfield>
      </datafield>
      <datafield ind1=" " ind2=" " tag="950">
        <subfield code="a">AUTH UPDATE</subfield>
        <subfield code="c">20070516</subfield>
        <subfield code="h">1638</subfield>
      </datafield>
      <datafield ind1=" " ind2=" " tag="950">
        <subfield code="a">AUTH UPDATE</subfield>
        <subfield code="c">20121005</subfield>
        <subfield code="h">1422</subfield>
      </datafield>
      <datafield ind1=" " ind2=" " tag="950">
        <subfield code="a">AUTH UPDATE</subfield>
        <subfield code="c">20131022</subfield>
        <subfield code="h">1515</subfield>
      </datafield>
      <datafield ind1=" " ind2=" " tag="950">
        <subfield code="a">AUTH EXTRACT</subfield>
        <subfield code="c">20200722</subfield>
        <subfield code="h">1717</subfield>
      </datafield>
      <datafield ind1=" " ind2=" " tag="951">
        <subfield code="a">000853690</subfield>
        <subfield code="9">LOCAL</subfield>
      </datafield>
      <datafield ind1="9" ind2="5" tag="997">
        <subfield code="a">031618A</subfield>
      </datafield>
      <datafield ind1=" " ind2=" " tag="998">
        <subfield code="a">PRC: 10/28/93 08:54:48</subfield>
      </datafield>
      <datafield ind1=" " ind2=" " tag="AVA">
        <subfield code="0">990008536900108238</subfield>
        <subfield code="a">01USMAI_UMCP</subfield>
        <subfield code="b">CPMCK</subfield>
        <subfield code="c">Top Textbook</subfield>
        <subfield code="d">CLAS170/Iliad of Homer</subfield>
        <subfield code="e">available</subfield>
        <subfield code="f">1</subfield>
        <subfield code="g">0</subfield>
        <subfield code="j">TPTXB</subfield>
        <subfield code="k">0</subfield>
        <subfield code="p">1</subfield>
        <subfield code="q">UMCP McKeldin Library</subfield>
      </datafield>
      <datafield ind1=" " ind2=" " tag="AVA">
        <subfield code="0">990008536900108238</subfield>
        <subfield code="8">2287297520008238</subfield>
        <subfield code="a">01USMAI_UMCP</subfield>
        <subfield code="b">CPSG</subfield>
        <subfield code="c">Stacks</subfield>
        <subfield code="d">PA4025.A2 L35 1951</subfield>
        <subfield code="e">available</subfield>
        <subfield code="f">1</subfield>
        <subfield code="g">0</subfield>
        <subfield code="j">STACK</subfield>
        <subfield code="k">0</subfield>
        <subfield code="p">2</subfield>
        <subfield code="q">Shady Grove Library</subfield>
      </datafield>
      <datafield ind1=" " ind2=" " tag="AVA">
        <subfield code="0">990008536900108238</subfield>
        <subfield code="8">2287297550008238</subfield>
        <subfield code="a">01USMAI_UMCP</subfield>
        <subfield code="b">CPMCK</subfield>
        <subfield code="c">Stacks</subfield>
        <subfield code="d">PA4025.A2 L35 1961</subfield>
        <subfield code="e">unavailable</subfield>
        <subfield code="f">1</subfield>
        <subfield code="g">1</subfield>
        <subfield code="j">STACK</subfield>
        <subfield code="k">0</subfield>
        <subfield code="p">3</subfield>
        <subfield code="q">UMCP McKeldin Library</subfield>
      </datafield>
    </record>
  </bib>
</bibs>